@ARTICLE{Max, 
author={P. M. G. I. Reis and J. P. C. Lustosa da Costa and R. K. Miranda and G. Del Galdo}, 
journal={IEEE Transactions on Information Forensics and Security}, 
title={ESPRIT-Hilbert-Based Audio Tampering Detection With SVM Classifier for Forensic Analysis via Electrical Network Frequency}, 
year={2017}, 
volume={12}, 
number={4}, 
pages={853-864}, 
keywords={Hilbert transforms;audio recording;audio signal processing;digital forensics;signal classification;support vector machines;ENF signal;ESPRIT-Hilbert ENF estimator;ESPRIT-Hilbert-based audio tampering detection;Hilbert transform;SVM classifier;adulterations detection;audio authentication;audio snippets insertions;audio snippets suppressions;electrical network frequency;estimation of signal parameters via rotational invariance techniques;forensic analysis;multimedia forensics;outlier detector;sample kurtosis;support vector machine classifier;tampered audio recordings;Audio recording;Forensics;Frequency estimation;Interference;Power grids;Robustness;Support vector machines;Acoustical signal processing;ESPRIT;audio authenticity;electric network frequency (ENF);tampering detection}, 
doi={10.1109/TIFS.2016.2636095}, 
ISSN={1556-6013}, 
month={April},}

@inproceedings{Neuenschwander,
 author = {Neuenschwander, Bruna and Pereira, Adriano C.M. and Meira,Jr., Wagner and Barbosa, Denilson},
 title = {Sentiment Analysis for Streams of Web Data: A Case Study of Brazilian Financial Markets},
 booktitle = {Proceedings of the 20th Brazilian Symposium on Multimedia and the Web},
 series = {WebMedia '14},
 year = {2014},
 isbn = {978-1-4503-3230-9},
 location = {Jo\&\#227;o Pessoa, Brazil},
 pages = {167--170},
 numpages = {4},
 url = {http://doi.acm.org/10.1145/2664551.2664579},
 doi = {10.1145/2664551.2664579},
 acmid = {2664579},
 publisher = {ACM},
 address = {New York, NY, USA},
 keywords = {brazilian stock market, lexicon, machine learning, sentiment analysis, social data, web and social networks},} 


@INPROCEEDINGS{zou, 
author={K. Zou and W. Sun and H. Yu and F. Liu}, 
booktitle={2012 International Conference on Computer Science and Electronics Engineering}, 
title={ID3 Decision Tree in Fraud Detection Application}, 
year={2012}, 
volume={3}, 
number={}, 
pages={399-402}, 
keywords={data mining;decision trees;fraud;law;ID3 decision tree;data mining technology;fraud detection application;Classification algorithms;Computational modeling;Data mining;Data models;Decision trees;Educational institutions;ID3 decision tree;data mining;fraud detection}, 
doi={10.1109/ICCSEE.2012.241}, 
ISSN={}, 
month={March},}

@INPROCEEDINGS{zhang_zhou, 
author={H. Zhang and R. Zhou}, 
booktitle={2017 9th International Conference on Modelling, Identification and Control (ICMIC)}, 
title={The analysis and optimization of decision tree based on ID3 algorithm}, 
year={2017}, 
volume={}, 
number={}, 
pages={924-928}, 
keywords={decision trees;maximum entropy methods;optimisation;pattern classification;ID3 algorithm;ID3 decision tree;classification accuracy;classification algorithms;complex algorithms;data attribute;discrete experimental data;information gain;maximum entropy;optimal classification attribute;optimization;optimized structure;tree structure;Analytical models;Brain modeling;Data mining;Data models;Error analysis;Read only memory;Training;Data Mining;Decision Tree;ID3 algorithm;Pattern Recognition;Structural Optimization}, 
doi={10.1109/ICMIC.2017.8321588}, 
ISSN={}, 
month={July},}

@article{li,
author = {Li, Y. H. and Jain, A. K.},
title = {Classification of Text Documents},
journal = {The Computer Journal},
volume = {41},
number = {8},
pages = {537-546},
year = {1998},
doi = {10.1093/comjnl/41.8.537},
URL = {http://dx.doi.org/10.1093/comjnl/41.8.537},
eprint = {/oup/backfile/content_public/journal/comjnl/41/8/10.1093/comjnl/41.8.537/2/410537.pdf}
}

@electronic{TSE,
 author = {{T}ribunal {S}uperior {E}leitoral},
 title = {{E}statísticas {E}leitorais: eleições anteriores},
 url = {http://www.tse.jus.br/eleitor-e-eleicoes/estatisticas/eleicoes/eleicoes-anteriores/estatisticas-eleitorais-anos-anteriores}
}

@electronic{ILS,
 author = {Internet Live Stats},
 title = {Elaboration of data by International Telecommunication Union (ITU), United Nations Population Division, Internet & Mobile Association of India (IAMAI), World Bank. },
 url = {http://www.internetlivestats.com/internet-users-by-country/}
}

@electronic{Twitter,
 author = {Twitter},
 title = {Twitter Developer Platform},
 url = {https://developer.twitter.com}
}

@electronic{EBC,
 author = {Empresa Brasil de Comunicação},
 title = {Facebook chega a 127 milhões de usuários no Brasil},
 url = {http://agenciabrasil.ebc.com.br/economia/noticia/2018-07/facebook-chega-127-milhoes-de-usuarios-no-brasil
}}

@electronic{face,
 author = {El País},
 title = {Cambridge Analytica, empresa pivô no escândalo do Facebook, é fechada},
 url = {https://brasil.elpais.com/brasil/2018/05/02/internacional/1525285885_691249.html}

}
@electronic{w3techs,
 author = {W3Techs},
 title = {Historical trends in the usage of content languages for websites. },
 url = {https://w3techs.com/technologies/history_overview/content_language
}
}


@inproceedings{6413737,
  title={Collaborative filtering with aspect-based opinion mining: A tensor factorization approach},
  author={Wang, Yuanhong and Liu, Yang and Yu, Xiaohui},
  booktitle={Data Mining (ICDM), 2012 IEEE 12th International Conference on},
  pages={1152--1157},
  year={2012},
  organization={IEEE}
}


@inproceedings{8474783,
  title={Survey on Sentiment Analysis using Twitter Dataset},
  author={Wagh, Rasika and Punde, Payal},
  booktitle={2018 Second International Conference on Electronics, Communication and Aerospace Technology (ICECA)},
  pages={208--211},
  year={2018},
  organization={IEEE}
}


@electronic{textblob,
 author = {S. Loria},
 title = {{T}ext{B}lob: Simplified Text Processing},
 url = {http://textblob.readthedocs.io/en/dev/index.html}
}

@book{zurada1995review,
 editor = {Marks,II, Robert J. and Zurada, Jacek M. and Robinson, Charles J.},
 title = {Computational Intelligence: Imitating Life},
 year = {1994},
 isbn = {0780311043},
 publisher = {IEEE Press},
 address = {Piscataway, NJ, USA},
} 

@article{nasrabadi2007pattern,
  title={Pattern recognition and machine learning},
  author={Nasrabadi, Nasser M},
  journal={Journal of electronic imaging},
  volume={16},
  number={4},
  pages={049901},
  year={2007},
  publisher={International Society for Optics and Photonics}
}

@book{bonaccorso2017machine,
  title={Machine Learning Algorithms},
  author={Bonaccorso, Giuseppe},
  year={2017},
  publisher={Packt Publishing Ltd}
}

@inproceedings{souza,
 author = {Souza, Marlo and Vieira, Renata},
 title = {Sentiment Analysis on Twitter Data for Portuguese Language},
 booktitle = {Proceedings of the 10th International Conference on Computational Processing of the Portuguese Language},
 series = {PROPOR'12},
 year = {2012},
 isbn = {978-3-642-28884-5},
 location = {Coimbra, Portugal},
 pages = {241--247},
 numpages = {7},
 url = {http://dx.doi.org/10.1007/978-3-642-28885-2_28},
 doi = {10.1007/978-3-642-28885-2_28},
 acmid = {2261085},
 publisher = {Springer-Verlag},
 address = {Berlin, Heidelberg},
 keywords = {portuguese language, sentiment analysis, twitter}
}

@book{tan,
 author = {Tan, P. N. and Steinbach, M. and Kumar, V.},
 title = {Introduction to Data Mining, (First Edition)},
 year = {2005},
 isbn = {0321321367},
 publisher = {Addison-Wesley Longman Publishing Co., Inc.},
 address = {Boston, MA, USA}
} 

@article{quinlan,
 author = {Quinlan, J. R.},
 title = {Induction of Decision Trees},
 journal = {Mach. Learn.},
 volume = {1},
 number = {1},
 month = mar,
 year = {1986},
 issn = {0885-6125},
 pages = {81--106},
 numpages = {26},
 url = {http://dx.doi.org/10.1023/A:1022643204877},
 doi = {10.1023/A:1022643204877},
 acmid = {637969},
 publisher = {Kluwer Academic Publishers},
 address = {Hingham, MA, USA},
 keywords = {classification, decision trees, expert systems, induction, information theory, knowledge acquisition}
} 

@ARTICLE{rokach, 
author={L. Rokach and O. Maimon}, 
journal={IEEE Transactions on Systems, Man, and Cybernetics, Part C (Applications and Reviews)}, 
title={Top-down induction of decision trees classifiers - a survey}, 
year={2005}, 
volume={35}, 
number={4}, 
pages={476-487}, 
keywords={decision trees;learning by example;pattern classification;regression analysis;tree searching;data mining;decision trees classifiers;machine learning;pattern recognition;pruning method;top-down induction;Classification tree analysis;Data mining;Decision trees;Industrial training;Loans and mortgages;Machine learning;Machine learning algorithms;Pattern recognition;Predictive models;Statistics;Classification;decision trees;pruning methods;splitting criteria}, 
doi={10.1109/TSMCC.2004.843247}, 
ISSN={1094-6977}, 
month={Nov}
}

@ARTICLE{safavian, 
author={S. R. Safavian and D. Landgrebe}, 
journal={IEEE Transactions on Systems, Man, and Cybernetics}, 
title={A survey of decision tree classifier methodology}, 
year={1991}, 
volume={21}, 
number={3}, 
pages={660-674}, 
keywords={decision theory;neural nets;pattern recognition;search problems;trees (mathematics);decision tree classifier;feature selection;neutral networks;node;pattern recognition;search strategies;tree structure;Classification tree analysis;Decision trees;Integrated circuit testing;Performance analysis;System testing;Training data}, 
doi={10.1109/21.97458}, 
ISSN={0018-9472}, 
month={May}
}

@inproceedings{sharma,
 author = {Sharma, Anuj and Dey, Shubhamoy},
 title = {A Comparative Study of Feature Selection and Machine Learning Techniques for Sentiment Analysis},
 booktitle = {Proceedings of the 2012 ACM Research in Applied Computation Symposium},
 series = {RACS '12},
 year = {2012},
 isbn = {978-1-4503-1492-3},
 location = {San Antonio, Texas},
 pages = {1--7},
 numpages = {7},
 url = {http://doi.acm.org/10.1145/2401603.2401605},
 doi = {10.1145/2401603.2401605},
 acmid = {2401605},
 publisher = {ACM},
 address = {New York, NY, USA},
 keywords = {feature selection, sentiment analysis, text classification}
} 

@INPROCEEDINGS{7058024, 
author={Z. Hailong and G. Wenyan and J. Bo}, 
booktitle={2014 11th Web Information System and Application Conference}, 
title={Machine Learning and Lexicon Based Methods for Sentiment Classification: A Survey}, 
year={2014}, 
volume={}, 
number={}, 
pages={262-265}, 
keywords={belief networks;data mining;learning (artificial intelligence);pattern classification;support vector machines;text analysis;SVM;advertising systems;cross-domain approaches;cross-lingual approaches;customer intelligence;evaluation metrics;human-labeled document;information retrieval;lexicon-based approaches;lexicon-based methods;naive Bayes;opinion mining;recommender systems;sentiment classification;supervised machine learning methods;support vector machine;text documents;Accuracy;Learning systems;Sentiment analysis;Support vector machines;Text categorization;Training;Cross-domain;Cross-lingual;Deep learning;Lexicon;Machine Learning;Performance;Sentiment classification}, 
doi={10.1109/WISA.2014.55}, 
ISSN={}, 
month={Sept}
}

@INPROCEEDINGS{8328543, 
author={U. Ananthakumar and R. Sarkar}, 
booktitle={2017 IEEE 15th Intl Conf on Dependable, Autonomic and Secure Computing, 15th Intl Conf on Pervasive Intelligence and Computing, 3rd Intl Conf on Big Data Intelligence and Computing and Cyber Science and Technology Congress(DASC/PiCom/DataCom/CyberSciTech)}, 
title={Application of Logistic Regression in Assessing Stock Performances}, 
year={2017}, 
volume={}, 
number={}, 
pages={1242-1247}, 
keywords={data mining;pricing;regression analysis;stock markets;BSE SENSEX;company stock;data mining technique;financial instrument trade;financial ratios;logistic regression;macro financial variables;reasonable prediction;significant profit;stock market prediction pertains;stock performances assessment;stock prices;stock's future price;successful prediction;Analytical models;Companies;Investment;Linear regression;Logistics;Predictive models;Stock markets;ROC curve;classification accuracy;financial ratios;multicollinearity}, 
doi={10.1109/DASC-PICom-DataCom-CyberSciTec.2017.199}, 
ISSN={}, 
month={Nov}
}

@INPROCEEDINGS{Xu, 
author={M. Xu and Y. Lan and D. Jiang}, 
booktitle={2015 8th International Symposium on Computational Intelligence and Design (ISCID)}, 
title={Unsupervised Learning Part-Based Representation for Stocks Market Prediction}, 
year={2015}, 
volume={2}, 
number={}, 
pages={63-66}, 
keywords={matrix decomposition;pattern classification;regression analysis;stock markets;unsupervised learning;L2-regularized logistic regression;NMF;financial markets;machine learning;nonnegative matrix factorization;robust classifier;stock market prediction;stock purchase profit;stock trend;unsupervised learn part-based representations;unsupervised learning part-based representation;Companies;Dictionaries;Gradient methods;Investment;Logistics;Market research;Testing;logistic regression;nonnegative matrix factorization;projected gradient method;stock classification}, 
doi={10.1109/ISCID.2015.300}, 
ISSN={}, 
month={Dec}
}

@INPROCEEDINGS{bhargava, 
author={K. Bhargava and R. Katarya}, 
booktitle={2017 International Conference on Computing and Communication Technologies for Smart Nation (IC3TSN)}, 
title={An improved lexicon using logistic regression for sentiment analysis}, 
year={2017}, 
volume={}, 
number={}, 
pages={332-337}, 
keywords={data mining;financial data processing;regression analysis;social networking (online);stock markets;text analysis;improved lexicon;lexicon acquisition frameworks;lexicon items;logistic regression model;sack of-words model;sentiment analysis;sentiment effect;social media interactions;stock market activities;web usage history;Logistics;Portfolios;Sentiment analysis;Stock markets;Time series analysis;Twitter;Lexicon acquisition;Logistic regression;Regression coefficients;Sentiment analysis}, 
doi={10.1109/IC3TSN.2017.8284501}, 
ISSN={}, 
month={Oct}
}

@INPROCEEDINGS{indra, 
author={S. T. Indra and L. Wikarsa and R. Turang}, 
booktitle={2016 International Conference on Advanced Computer Science and Information Systems (ICACSIS)}, 
title={Using logistic regression method to classify tweets into the selected topics}, 
year={2016}, 
volume={}, 
number={}, 
pages={385-390}, 
keywords={Internet;classification;feature extraction;learning (artificial intelligence);regression analysis;social networking (online);text analysis;vectors;Twitter;URL;Web-based application;bag of words;feature vector;information sharing;logistic regression method;machine learning;selected topics;social network sites;text feature extraction;tweet classification;Feature extraction;Learning systems;Logistics;Mathematical model;Training;Twitter;Twitter;health;logistic regression;machine learning;music;sport;technology;text classification;topic analysis}, 
doi={10.1109/ICACSIS.2016.7872727}, 
ISSN={}, 
month={Oct}
}

@INPROCEEDINGS{guzman, 
author={J. A. Cerón-Guzmán and E. León-Guzmán}, 
booktitle={2016 IEEE International Conferences on Big Data and Cloud Computing (BDCloud), Social Computing and Networking (SocialCom), Sustainable Computing and Communications (SustainCom) (BDCloud-SocialCom-SustainCom)}, 
title={A Sentiment Analysis System of {S}panish Tweets and Its Application in {C}olombia 2014 Presidential Election}, 
year={2016}, 
volume={}, 
number={}, 
pages={250-257}, 
keywords={inference mechanisms;information analysis;learning (artificial intelligence);pattern classification;social networking (online);social sciences computing;Colombia 2014 presidential election;Spanish tweets;Twitter data;mean absolute error;political elections;public opinion;sentiment analysis system;social behavior;social media;supervised classification approach;supervised learning technique;voting intention inference;Reliability;Sentiment analysis;Support vector machines;Twitter;Voting;Colombia;Spanish tweets;Twitter;politics;presidential election;sentiment analysis;social media analysis;spammers;voting intention inference}, 
doi={10.1109/BDCloud-SocialCom-SustainCom.2016.47}, 
ISSN={}, 
month={Oct}
}

@INPROCEEDINGS{joyce, 
author={B. Joyce and J. Deng}, 
booktitle={2017 IEEE MIT Undergraduate Research Technology Conference (URTC)}, 
title={Sentiment analysis of tweets for the 2016 {US} presidential election}, 
year={2017}, 
volume={}, 
number={}, 
pages={1-4}, 
keywords={Bayes methods;learning (artificial intelligence);politics;sentiment analysis;social networking (online);Naive Bayes Machine Learning Algorithm;US presidential election;political tweets;polling data;sentiment analysis;social media platform;Algorithm design and analysis;Correlation;Sentiment analysis;Tagging;Twitter;Voting;Machine Learning;Natural Language Processing;Sentiment Analysis;Social Media;Twitter}, 
doi={10.1109/URTC.2017.8284176}, 
ISSN={}, 
month={Nov}
}

@INPROCEEDINGS{fatahillah, 
author={N. R. Fatahillah and P. Suryati and C. Haryawan}, 
booktitle={2017 International Conference on Sustainable Information Engineering and Technology (SIET)}, 
title={Implementation of Naive Bayes classifier algorithm on social media (Twitter) to the teaching of Indonesian hate speech}, 
year={2017}, 
volume={}, 
number={}, 
pages={128-131}, 
keywords={Bayes methods;Internet;computer aided instruction;linguistics;social networking (online);Indonesian hate speech;Internet;Naive Bayes classifier algorithm;Twitter tweets;Twitter users;social media;teaching;Probability;Tagging;Testing;Training;Training data;Twitter;Naive Bayes Classifier;Twitter;classify;speech}, 
doi={10.1109/SIET.2017.8304122}, 
ISSN={}, 
month={Nov}
}

@InProceedings{maynard,
author="Maynard, Diana
and Funk, Adam",
editor="Garcia-Castro, Raul
and Fensel, Dieter
and Antoniou, Grigoris",
title="Automatic Detection of Political Opinions in Tweets",
booktitle="The Semantic Web: ESWC 2011 Workshops",
year="2012",
publisher="Springer Berlin Heidelberg",
address="Berlin, Heidelberg",
pages="88--99",
abstract="In this paper, we discuss a variety of issues related to opinion mining from microposts, and the challenges they impose on an NLP system, along with an example application we have developed to determine political leanings from a set of pre-election tweets. While there are a number of sentiment analysis tools available which summarise positive, negative and neutral tweets about a given keyword or topic, these tools generally produce poor results, and operate in a fairly simplistic way, using only the presence of certain positive and negative adjectives as indicators, or simple learning techniques which do not work well on short microposts. On the other hand, intelligent tools which work well on movie and customer reviews cannot be used on microposts due to their brevity and lack of context. Our methods make use of a variety of sophisticated NLP techniques in order to extract more meaningful and higher quality opinions, and incorporate extra-linguistic contextual information.",
isbn="978-3-642-25953-1"
}

@inproceedings{mejova,
  title={Exploring Feature Definition and Selection for Sentiment Classifiers},
  author={Yelena Mejova and Padmini Srinivasan},
  booktitle={ICWSM},
  year={2011}
}

@article{medhat,
title = "Sentiment analysis algorithms and applications: A survey",
journal = "Ain Shams Engineering Journal",
volume = "5",
number = "4",
pages = "1093 - 1113",
year = "2014",
issn = "2090-4479",
doi = "https://doi.org/10.1016/j.asej.2014.04.011",
url = "http://www.sciencedirect.com/science/article/pii/S2090447914000550",
author = "Walaa Medhat and Ahmed Hassan and Hoda Korashy",
keywords = "Sentiment analysis, Sentiment classification, Feature selection, Emotion detection, Transfer learning, Building resources"
}

@ARTICLE{chen, 
author={M. H. Chen and W. F. Chen and L. W. Ku}, 
journal={IEEE Access}, 
title={Application of Sentiment Analysis to Language Learning}, 
year={2018}, 
volume={}, 
number={}, 
pages={1-1}, 
keywords={Linguistics;Machine learning;Sentiment analysis;Task analysis;Tools;Vocabulary;Writing;computer aided instruction;context awareness;educational technology;natural language processing}, 
doi={10.1109/ACCESS.2018.2832137}, 
ISSN={}, 
month={},}

@ARTICLE{ren, 
author={R. Ren and D. D. Wu and T. Liu}, 
journal={IEEE Systems Journal}, 
title={Forecasting Stock Market Movement Direction Using Sentiment Analysis and Support Vector Machine}, 
year={2018}, 
volume={}, 
number={}, 
pages={1-11}, 
keywords={Forecasting;Indexes;Internet;Predictive models;Sentiment analysis;Stock markets;Support vector machines;Day-of-week effect;decision making;sentiment analysis;stock markets;text mining}, 
doi={10.1109/JSYST.2018.2794462}, 
ISSN={1932-8184}, 
month={},}

@INPROCEEDINGS{tran, 
author={D. T. Tran and M. A. Waris and M. Gabbouj and A. Iosifidis}, 
booktitle={2017 Seventh International Conference on Image Processing Theory, Tools and Applications (IPTA)}, 
title={Sample-based regularization for support vector machine classification}, 
year={2017}, 
volume={}, 
number={}, 
pages={1-6}, 
keywords={image classification;support vector machines;SVM;human action recognition tasks;linear combination;maximum margin-based classification;regularization scheme;sample-based regularization;selected training data;support vector machine classification;training sample level;training sample selection;Fasteners;Kernel;Optimization;Support vector machine classification;Training;Training data;Dropout;Regularization;Support Vector Machine;kernel methods}, 
doi={10.1109/IPTA.2017.8310103}, 
ISSN={}, 
month={Nov},}

@ARTICLE{nguyen, 
author={T. T. T. Nguyen and G. Armitage}, 
journal={IEEE Communications Surveys Tutorials}, 
title={A survey of techniques for internet traffic classification using machine learning}, 
year={2008}, 
volume={10}, 
number={4}, 
pages={56-76}, 
keywords={Government;Inspection;Internet;Intrusion detection;Machine learning;Payloads;Protocols;TCPIP;Telecommunication traffic;Telephony;Flow clustering;Internet Protocol;Machine Learning;Payload inspection;Real Time;Statistical traffic properties;Traffic classification}, 
doi={10.1109/SURV.2008.080406}, 
ISSN={1553-877X}, 
month={Fourth},}

@INPROCEEDINGS{nooralahzadeh, 
author={F. Nooralahzadeh and V. Arunachalam and C. G. Chiru}, 
booktitle={2013 19th International Conference on Control Systems and Computer Science}, 
title={2012 Presidential Elections on {T}witter -- An Analysis of How the {US} and {F}rench Election were Reflected in Tweets}, 
year={2013}, 
volume={}, 
number={}, 
pages={240-246}, 
keywords={government;politics;social networking (online);French election;Twitter;US election;United States;content information extraction;crawling;inherent election nature;presidential elections;social media;time series analysis;Communities;Computer science;Data mining;Nominations and elections;Tag clouds;Time series analysis;Twitter;Elections;Hash Tags;Polarity;Sentiment Analysis;Time Series;Topics;Twitter}, 
doi={10.1109/CSCS.2013.72}, 
ISSN={2379-0474}, 
month={May},}

@INPROCEEDINGS{wegrzyn2012tweets, 
author={K. Wegrzyn-Wolska and L. Bougueroua}, 
booktitle={2012 Fourth International Conference on Computational Aspects of Social Networks (CASoN)}, 
title={Tweets mining for {F}rench Presidential Election}, 
year={2012}, 
volume={}, 
number={}, 
pages={138-143}, 
keywords={data mining;politics;social networking (online);text analysis;French Presidential Election;Twitter data collection;Twitter data manipulation;automatic tweets collection;automatic tweets evaluation;automatic tweets rating;politics;social media;social network analysis;text mining methods;trend evaluation;tweets mining;Market research;Media;Nominations and elections;Semantics;Text mining;Twitter;Data Mining;Social Media;Social Network Analysis;Text Mining}, 
doi={10.1109/CASoN.2012.6412392}, 
ISSN={}, 
month={Nov},}

@article{miller1995wordnet,
  title={WordNet: a lexical database for {E}nglish},
  author={G. A. Miller},
  journal={Communications of the ACM},
  volume={38},
  number={11},
  pages={39--41},
  year={1995},
  publisher={ACM}
}

@inproceedings{souza2011construction,
  title={Construction of a portuguese opinion lexicon from multiple resources},
  author={M. Souza and R. Vieira and D. Busetti and R. Chishman and I. M. Alves},
  booktitle={Proceedings of the 8th Brazilian Symposium in Information and Human Language Technology},
  year={2011}
}

@inproceedings{sharma2016prediction,
  title={Prediction of {I}ndian election using sentiment analysis on hindi {T}witter},
  author={P. Sharma and T. S. Moh},
  booktitle={Big Data (Big Data), 2016 IEEE International Conference on},
  pages={1966--1971},
  year={2016},
  organization={IEEE}
}

@inproceedings{tumitan2014sentiment,
  title={Sentiment-based features for predicting election polls: a case study on the {B}razilian scenario},
  author={D. Tumitan and K. Becker},
  booktitle={Web Intelligence ({WI}) and Intelligent Agent Technologies ({IAT}), 2014 IEEE/WIC/ACM International Joint Conferences on},
  volume={2},
  pages={126--133},
  year={2014},
  organization={IEEE}
}


@inproceedings{ge2014naive,
  title={A {N}a{\"\i}ve {B}ayesian classifier in categorical uncertain data streams},
  author={J. Ge and Y. Xia and J. Wang},
  booktitle={Data Science and Advanced Analytics (DSAA), 2014 International Conference on},
  pages={392--398},
  year={2014},
  organization={IEEE}
}

@article{hearst1998support,
  title={Support vector machines},
  author={M. A. Hearst and S. T. Dumais and E. Osuna and J. Platt and B. Scholkopf},
  journal={IEEE Intelligent Systems and their applications},
  volume={13},
  number={4},
  pages={18--28},
  year={1998},
  publisher={IEEE}
}

@article{song2014analyzing,
  title={Analyzing the political landscape of 2012 {K}orean presidential election in {T}witter},
  author={M. Song and M. C. Kim and Y. K. Jeong},
  journal={IEEE Intelligent Systems},
  volume={29},
  number={2},
  pages={18-26},
  year={2014},
  publisher={IEEE}
}

@INPROCEEDINGS{5194581, 
author={G. Araniti and I. Bisio and M. De Sanctis}, 
booktitle={2009 First International Conference on Advances in Satellite and Space Communications}, 
title={Towards the Reliable and Efficient Interplanetary Internet: A Survey of Possible Advanced Networking and Communications Solutions}, 
year={2009}, 
volume={}, 
number={}, 
pages={30-34}, 
keywords={Internet;space communication links;telecommunication network reliability;interplanetary Internet;research challenges;advanced network control;Telecommunication network reliability;IP networks;Space missions;Internet;Satellites;Spine;Moon;Earth;Planets;Space stations;Interplanetary Network;Research Challenges;Constellations Design;Advanced Network Control}, 
doi={10.1109/SPACOMM.2009.29}, 
ISSN={}, 
month={July},}

@article{rodrigues2016exploring,
  title={Exploring multiple evidence to infer users’ location in {T}witter},
  author={E. Rodrigues and R. Assunção and G. L. Pappa and D. Renno and W. Meira Jr},
  journal={Neurocomputing},
  volume={171},
  pages={30--38},
  year={2016},
  publisher={Elsevier}
}

@INPROCEEDINGS{6726455, 
author={E. Rodrigues and R. Assunção and G. L. Pappa and R. Miranda and W. Meira}, 
booktitle={2013 Brazilian Conference on Intelligent Systems}, 
title={Uncovering the Location of {T}witter Users}, 
year={2013}, 
volume={}, 
number={}, 
pages={237-241}, 
keywords={Markov processes;Monte Carlo methods;inference mechanisms;learning (artificial intelligence);network theory (graphs);social networking (online);statistical distributions;Facebook;GPS position;GeoIP location;Global Positioning System;Markov chain Monte Carlo simulation technique;Markov random field;Twitter users location;declared location;friendship network;geographical information;geographical labels;graph;information sources;learning;network representation;posterior probability distribution;probabilistic approach;social networks;spatial location;text post;user behavior;Accuracy;Approximation algorithms;Cities and towns;Markov processes;Probabilistic logic;Probability distribution;Twitter;Geographic Targeting;Geolocation Estimation;Network Learning;Spatial Data Mining}, 
doi={10.1109/BRACIS.2013.47}, 
ISSN={}, 
month={Oct}
}

@article{grandin2016piegas,
  title={Piegas: A Systems for Sentiment Analysis of Tweets in {P}ortuguese},
  author={P. Grandin and J. M. Adan},
  journal={IEEE Latin America Transactions},
  volume={14},
  number={7},
  pages={3467--3473},
  year={2016},
  publisher={IEEE}
}

@inproceedings{de2015exploring,
  title={Exploring resources for sentiment analysis in {P}ortuguese language},
  author={L. A. de Freitas and R. Vieira},
  booktitle={Intelligent Systems (BRACIS), 2015 Brazilian Conference on},
  pages={152--156},
  year={2015},
  organization={IEEE}
}

@inproceedings{sentilex,
	title={Sentiment Analysis for Streams of Web Data: A Case Study of {B}razilian Financial Markets},
	author={B. Neuenschwander, A. Pereira, W. Meira Jr and D. Barbosa},
	booktitle={Proceedings of the 20th Brazilian Symposium on Multimedia and the Web},
	pages={167--170},
	year={2014},
	organization={ACM}
}

@INPROCEEDINGS{8079931, 
	author={M. S. M. Suhaimin and M. H. A. Hijazi and R. Alfred and F. Coenen}, 
	booktitle={2017 8th International Conference on Information Technology (ICIT)}, 
	title={Natural language processing based features for sarcasm detection: An investigation using bilingual social media texts}, 
	year={2017}, 
	volume={}, 
	number={}, 
	pages={703-709}, 
	keywords={feature extraction;natural language processing;pattern classification;social networking (online);support vector machines;text analysis;Facebook;Malay social media data;bilingual social media texts;economic related posts;feature extraction;idiosyncratic feature;natural language processing;sarcasm detection;sentiment analysis;support vector machine;text classification;Feature extraction;Natural language processing;Pragmatics;Syntactics;Tagging;Twitter;bilingual feature;feature extraction;sarcasm detection;sentiment analysis}, 
	doi={10.1109/ICITECH.2017.8079931}, 
	ISSN={}, 
	month={May},}

